@ARTICLE{10.3389/fphys.2012.00331,
AUTHOR={Aburn, Matthew and Holmes, C. and Roberts, James and Boonstra, Tjeerd and Breakspear, Michael},   
TITLE={Critical Fluctuations in Cortical Models Near Instability},      
JOURNAL={Frontiers in Physiology},      
VOLUME={3},      
YEAR={2012},      
URL={https://www.frontiersin.org/article/10.3389/fphys.2012.00331},       
DOI={10.3389/fphys.2012.00331},      
ISSN={1664-042X},   
}