
@article{iavarone2023thalamic,
  title={Thalamic control of sensory processing and spindles in a biophysical somatosensory thalamoreticular circuit model of wakefulness and sleep},
  author={Iavarone, Elisabetta and Simko, Jane and Shi, Ying and Bertschy, Marine and Garc{\'\i}a-Amado, Mar{\'\i}a and Litvak, Polina and Kaufmann, Anna-Kristin and O’Reilly, Christian and Amsalem, Oren and Abdellah, Marwan and others},
  journal={Cell Reports},
  volume={42},
  number={3},
  year={2023},
  publisher={Elsevier}
}


@article{hay2011models,
  title={Models of neocortical layer 5b pyramidal cells capturing a wide range of dendritic and perisomatic active properties},
  author={Hay, Etay and Hill, Sean and Sch{\"u}rmann, Felix and Markram, Henry and Segev, Idan},
  journal={PLoS computational biology},
  volume={7},
  number={7},
  pages={e1002107},
  year={2011},
  publisher={Public Library of Science San Francisco, USA}
}

@article{chatzikalymniou2021linking,
  title={Linking minimal and detailed models of CA1 microcircuits reveals how theta rhythms emerge and their frequencies controlled},
  author={Chatzikalymniou, Alexandra Pierri and Gumus, Melisa and Skinner, Frances K},
  journal={Hippocampus},
  volume={31},
  number={9},
  pages={982--1002},
  year={2021},
  publisher={Wiley Online Library}
}

@article{klimesch2012alpha,
  title={Alpha-band oscillations, attention, and controlled access to stored information},
  author={Klimesch, Wolfgang},
  journal={Trends in cognitive sciences},
  volume={16},
  number={12},
  pages={606--617},
  year={2012},
  publisher={Elsevier}
}

@article{tudor2005hans,
  title={Hans Berger (1873-1941)--the history of electroencephalography},
  author={Tudor, Mario and Tudor, Lorainne and Tudor, Katarina Ivana},
  journal={Acta medica Croatica: casopis Hravatske akademije medicinskih znanosti},
  volume={59},
  number={4},
  pages={307--313},
  year={2005}
}

@article{roohi2017changes,
  title={Changes of the brain’s bioelectrical activity in cognition, consciousness, and some mental disorders},
  author={Roohi-Azizi, Mahtab and Azimi, Leila and Heysieattalab, Soomaayeh and Aamidfar, Meysam},
  journal={Medical journal of the Islamic Republic of Iran},
  volume={31},
  pages={53},
  year={2017},
  publisher={Iran University of Medical Sciences}
}

@article{halgren2019generation,
  title={The generation and propagation of the human alpha rhythm},
  author={Halgren, Milan and Ulbert, Istv{\'a}n and Bastuji, H{\'e}l{\`e}ne and Fab{\'o}, D{\'a}niel and Er{\H{o}}ss, Lorand and Rey, Marc and Devinsky, Orrin and Doyle, Werner K and Mak-McCully, Rachel and Halgren, Eric and others},
  journal={Proceedings of the National Academy of Sciences},
  volume={116},
  number={47},
  pages={23772--23782},
  year={2019},
  publisher={National Acad Sciences}
} 

@incollection{MOINI2020177,
title = {Chapter 6 - Cerebral cortex},
editor = {Jahangir Moini and Pirouz Piran},
booktitle = {Functional and Clinical Neuroanatomy},
publisher = {Academic Press},
pages = {177-240},
year = {2020},
isbn = {978-0-12-817424-1},
doi = {https://doi.org/10.1016/B978-0-12-817424-1.00006-9},
author = {Jahangir Moini and Pirouz Piran},
keywords = {Cerebrum, Gross anatomy, Cerebral cortex, Neocortex, Electroencephalogram, Split-brain syndrome},
abstract = {The cerebral cortex is a layer of neurons and synapses (gray matter) on the surface of the cerebral hemispheres. This is folded into gyri, and about two-thirds of the cortex's area is buried inside fissures. The cerebral cortex integrates higher mental functions, general movements, functions of the viscera, perceptions, and behavioral reactions. It has many different classifications. The cerebral cortex has 47 separate function areas, with differing cellular designs.}
}

@article{foxe2011role,
  title={The role of alpha-band brain oscillations as a sensory suppression mechanism during selective attention},
  author={Foxe, John J and Snyder, Adam C},
  journal={Frontiers in psychology},
  volume={2},
  pages={154},
  year={2011},
  publisher={Frontiers}
}

@article{nakagawa2014delays,
  title={How delays matter in an oscillatory whole-brain spiking-neuron network model for MEG alpha-rhythms at rest},
  author={Nakagawa, Tristan T and Woolrich, Mark and Luckhoo, Henry and Joensson, Morten and Mohseni, Hamid and Kringelbach, Morten L and Jirsa, Viktor and Deco, Gustavo},
  journal={Neuroimage},
  volume={87},
  pages={383--394},
  year={2014},
  publisher={Elsevier}
}

@article{abela2019slower,
  title={Slower alpha rhythm associates with poorer seizure control in epilepsy},
  author={Abela, Eugenio and Pawley, Adam D and Tangwiriyasakul, Chayanin and Yaakub, Siti N and Chowdhury, Fahmida A and Elwes, Robert DC and Brunnhuber, Franz and Richardson, Mark P},
  journal={Annals of clinical and translational neurology},
  volume={6},
  number={2},
  pages={333--343},
  year={2019},
  publisher={Wiley Online Library}
}

@Article{pmid24174901,
   Author="Başar, E. ",
   Title="{Brain oscillations in neuropsychiatric disease}",
   Journal="Dialogues Clin Neurosci",
   Year="2013",
   Volume="15",
   Number="3",
   Pages="291--300",
   Month="Sep"
}

@incollection{ABHANG201619,
title = {Chapter 2 - Technological Basics of EEG Recording and Operation of Apparatus},
editor = {Priyanka A. Abhang and Bharti W. Gawali and Suresh C. Mehrotra},
booktitle = {Introduction to EEG- and Speech-Based Emotion Recognition},
publisher = {Academic Press},
pages = {19-50},
year = {2016},
isbn = {978-0-12-804490-2},
doi = {https://doi.org/10.1016/B978-0-12-804490-2.00002-6},
author = {Priyanka A. Abhang and Bharti W. Gawali and Suresh C. Mehrotra},
}


@ARTICLE{ABURN,
AUTHOR={Aburn, Matthew and Holmes, C. and Roberts, James and Boonstra, Tjeerd and Breakspear, Michael},   
TITLE={Critical Fluctuations in Cortical Models Near Instability},      
JOURNAL={Frontiers in Physiology},      
VOLUME={3},      
YEAR={2012},      
       
DOI={10.3389/fphys.2012.00331},      
ISSN={1664-042X},   
}




@article{yener2013brain,
  title={Brain oscillations as biomarkers in neuropsychiatric disorders: following an interactive panel discussion and synopsis},
  author={Yener, G{\"o}rsev G and Ba{\c{s}}ar, Erol},
  journal={Supplements to Clinical neurophysiology},
  volume={62},
  pages={343--363},
  year={2013},
  publisher={Elsevier}
}

@phdthesis{spiegler2012dynamics,
  title={Dynamics of biologically informed neural mass models of the brain},
  author={Spiegler, Andreas},
  year={2012},
  school={Universit{\"a}tsbibliothek Ilmenau}
}


@article{david2003neural,
  title={A neural mass model for MEG/EEG:: coupling and neuronal dynamics},
  author={David, Olivier and Friston, Karl J},
  journal={NeuroImage},
  volume={20},
  number={3},
  pages={1743--1755},
  year={2003},
  publisher={Elsevier}
}

@article{moran2007neural,
  title={A neural mass model of spectral responses in electrophysiology},
  author={Moran, Rosalyn J and Kiebel, Stefan J and Stephan, Klaas E and Reilly, RB and Daunizeau, Jean and Friston, Karl J},
  journal={NeuroImage},
  volume={37},
  number={3},
  pages={706--720},
  year={2007},
  publisher={Elsevier}
}

@article{moran2013neural,
  title={Neural masses and fields in dynamic causal modeling},
  author={Moran, Rosalyn and Pinotsis, Dimitris A and Friston, Karl},
  journal={Frontiers in computational neuroscience},
  volume={7},
  pages={57},
  year={2013},
  publisher={Frontiers Media SA}
}

@article{robinson2002dynamics,
  title={Dynamics of large-scale brain activity in normal arousal states and epileptic seizures},
  author={Robinson, PA and Rennie, CJ and Rowe, DL},
  journal={Physical Review E},
  volume={65},
  number={4},
  pages={041924},
  year={2002},
  publisher={APS}
}

@article{da1976models,
  title={Models of neuronal populations: the basic mechanisms of rhythmicity},
  author={Lopes da Silva, FH and Van Rotterdam, A and Barts, P and Van Heusden, E and Burr, W},
  journal={Progress in brain research},
  volume={45},
  pages={281--308},
  year={1976},
  publisher={Elsevier}
}

@article{deco2008dynamic,
  title={The dynamic brain: from spiking neurons to neural masses and cortical fields},
  author={Deco, Gustavo and Jirsa, Viktor K and Robinson, Peter A and Breakspear, Michael and Friston, Karl},
  journal={PLoS computational biology},
  volume={4},
  number={8},
  pages={e1000092},
  year={2008},
  publisher={Public Library of Science San Francisco, USA}
}

@article{van1982model,
  title={A model of the spatial-temporal characteristics of the alpha rhythm},
  author={van Rotterdam, 3A and Lopes da Silva, FH and Van den Ende, J and Viergever, MA and Hermans, AJ},
  journal={Bulletin of mathematical biology},
  volume={44},
  number={2},
  pages={283--305},
  year={1982},
  publisher={Elsevier}
}

@phdthesis{grimbert2006analysis,
  title={Analysis of Jansen's model of a single cortical column},
  author={Grimbert, Fran{\c{c}}ois and Faugeras, Olivier},
  year={2006},
  school={INRIA}
}

@article{rall1967distinguishing,
  title={Distinguishing theoretical synaptic potentials computed for different soma-dendritic distributions of synaptic input.},
  author={Rall, Wilfrid},
  journal={Journal of neurophysiology},
  volume={30},
  number={5},
  pages={1138--1168},
  year={1967}
}

@article{jansen1993neurophysiologically,
  title={A neurophysiologically-based mathematical model of flash visual evoked potentials},
  author={Jansen, Ben H and Zouridakis, George and Brandt, Michael E},
  journal={Biological cybernetics},
  volume={68},
  pages={275--283},
  year={1993},
  publisher={Springer}
}

@article{jansen1995electroencephalogram,
  title={Electroencephalogram and visual evoked potential generation in a mathematical model of coupled cortical columns},
  author={Jansen, Ben H and Rit, Vincent G},
  journal={Biological cybernetics},
  volume={73},
  number={4},
  pages={357--366},
  year={1995},
  publisher={Springer}
}

@article{robinson1997propagation,
  title={Propagation and stability of waves of electrical activity in the cerebral cortex},
  author={Robinson, Peter A and Rennie, Christopher J and Wright, James J},
  journal={Physical Review E},
  volume={56},
  number={1},
  pages={826},
  year={1997},
  publisher={APS}
}

@article{liley2001spatially,
  title={A spatially continuous mean field theory of electrocortical activity},
  author={Liley, David TJ and Cadusch, Peter J and Dafilis, Mathew P},
  journal={Network: Computation in Neural Systems},
  volume={13},
  number={1},
  pages={67},
  year={2001},
  publisher={IOP Publishing}
}

@article{lozano2018physiological,
  title={On the physiological modulation and potential mechanisms underlying parieto-occipital alpha oscillations},
  author={Lozano-Soldevilla, Diego},
  journal={Frontiers in computational neuroscience},
  volume={12},
  pages={23},
  year={2018},
  publisher={Frontiers}
}

@article{gonzalez2020semi,
  title={Semi-analytic Local Linearization Integration of high dimensional Neural Mass Models with distributed delays},
  author={Gonz{\'a}lez-Mitjans, A and Paz-Linares, D and Areces-Gonzalez, A and Li, M and Wang, Y and Bringas-Vega, ML and Vald{\'e}s-Sosa, PA},
  journal={arXiv e-prints},
  pages={arXiv--2009},
  year={2020}
}

@article{lopes1974model,
  title={Model of brain rhythmic activity},
  author={Lopes da Silva, FH and Hoeks, A and Smits, H and Zetterberg, LH},
  journal={Kybernetik},
  volume={15},
  number={1},
  pages={27--37},
  year={1974},
  publisher={Springer}
}

@article{breakspear2017dynamic,
  title={Dynamic models of large-scale brain activity},
  author={Breakspear, Michael},
  journal={Nature neuroscience},
  volume={20},
  number={3},
  pages={340--352},
  year={2017},
  publisher={Nature Publishing Group}
}

@article{deschle2021validity,
  title={On the validity of neural mass models},
  author={Deschle, Nicol{\'a}s and Ignacio Gossn, Juan and Tewarie, Prejaas and Schelter, Bj{\"o}rn and Daffertshofer, Andreas},
  journal={Frontiers in computational neuroscience},
  pages={118},
  year={2021},
  publisher={Frontiers}
}

@article{moran2011vivo,
  title={An in vivo assay of synaptic function mediating human cognition},
  author={Moran, Rosalyn J and Symmonds, Mkael and Stephan, Klaas E and Friston, Karl J and Dolan, Raymond J},
  journal={Current Biology},
  volume={21},
  number={15},
  pages={1320--1325},
  year={2011},
  publisher={Elsevier}
}

@article{bhattacharya2013implementing,
  title={Implementing the cellular mechanisms of synaptic transmission in a neural mass model of the thalamo-cortical circuitry},
  author={Bhattacharya, Basabdatta Sen Ms},
  journal={Frontiers in computational neuroscience},
  volume={7},
  pages={81},
  year={2013},
  publisher={Frontiers}
}

@incollection{coombes2019next,
  title={Next generation neural mass models},
  author={Coombes, Stephen and Byrne, {\'A}ine},
  booktitle={Nonlinear dynamics in computational neuroscience},
  pages={1--16},
  year={2019},
  publisher={Springer}
}

@article{chow2020before,
  title={Before and beyond the Wilson--Cowan equations},
  author={Chow, Carson C and Karimipanah, Yahya},
  journal={Journal of neurophysiology},
  volume={123},
  number={5},
  pages={1645--1656},
  year={2020},
  publisher={American Physiological Society Bethesda, MD}
}

@article{destexhe2009wilson,
  title={The Wilson--Cowan model, 36 years later},
  author={Destexhe, Alain and Sejnowski, Terrence J},
  journal={Biological cybernetics},
  volume={101},
  number={1},
  pages={1--2},
  year={2009},
  publisher={Springer}
}
@article{sanz2015mathematical,
  title={Mathematical framework for large-scale brain network modeling in The Virtual Brain},
  author={Sanz-Leon, Paula and Knock, Stuart A and Spiegler, Andreas and Jirsa, Viktor K},
  journal={Neuroimage},
  volume={111},
  pages={385--430},
  year={2015},
  publisher={Elsevier}
}


@book{jaeger2015encyclopedia,
  title={Encyclopedia of computational neuroscience},
  author={Jaeger, Dieter and Jung, Ranu},
  year={2015},
  publisher={Springer New York}
}

@article{cowan2016wilson,
  title={Wilson--Cowan equations for neocortical dynamics},
  author={Cowan, Jack D and Neuman, Jeremy and van Drongelen, Wim},
  journal={The Journal of Mathematical Neuroscience},
  volume={6},
  number={1},
  pages={1--24},
  year={2016},
  publisher={SpringerOpen}
}

@article{hartoyo2019parameter,
  title={Parameter estimation and identifiability in a neural population model for electro-cortical activity},
  author={Hartoyo, Agus and Cadusch, Peter J and Liley, David TJ and Hicks, Damien G},
  journal={PLoS computational biology},
  volume={15},
  number={5},
  pages={e1006694},
  year={2019},
  publisher={Public Library of Science San Francisco, CA USA}
}

@article{song2019novel,
  title={A novel neural computational model of generalized periodic discharges in acute hepatic encephalopathy},
  author={Song, Jiang-Ling and Paixao, Luis and Li, Qiang and Li, Si-Hui and Zhang, Rui and Westover, M Brandon},
  journal={Journal of computational neuroscience},
  volume={47},
  number={2},
  pages={109--124},
  year={2019},
  publisher={Springer}
}

@book{braitenberg2013cortex,
  title={Cortex: statistics and geometry of neuronal connectivity},
  author={Braitenberg, Valentino and Sch{\"u}z, Almut},
  year={2013},
  publisher={Springer Science \& Business Media}
}

@article{grimbert2006bifurcation,
  title={Bifurcation analysis of Jansen's neural mass model},
  author={Grimbert, Fran{\c{c}}ois and Faugeras, Olivier},
  journal={Neural computation},
  volume={18},
  number={12},
  pages={3052--3068},
  year={2006},
  publisher={MIT Press}
}


@article{raj2020spectral,
  title={Spectral graph theory of brain oscillations},
  author={Raj, Ashish and Cai, Chang and Xie, Xihe and Palacios, Eva and Owen, Julia and Mukherjee, Pratik and Nagarajan, Srikantan},
  journal={Human brain mapping},
  volume={41},
  number={11},
  pages={2980--2998},
  year={2020},
  publisher={Wiley Online Library}
}


@article{da1991neural,
  title={Neural mechanisms underlying brain waves: from neural membranes to networks},
  author={Lopes da Silva, FH},
  journal={Electroencephalography and clinical neurophysiology},
  volume={79},
  number={2},
  pages={81--93},
  year={1991},
  publisher={Elsevier}
}

@article{louis2016appendix,
  title={Appendix 1. The Scientific Basis of EEG: Neurophysiology of EEG Generation in the Brain},
  author={Louis, EK and Frey, LC and Britton, JW and Frey, LC and Hopp, JL and Korb, P and Koubeissi, MZ and Lievens, WE and Pestana-Knight, EM and Louis, EKS},
  journal={Electroencephalography (EEG): An Introductory Text and Atlas of Normal and Abnormal Findings in Adults, Children, and Infants},
  year={2016}
}

@article{bollimunta2008neuronal,
  title={Neuronal mechanisms of cortical alpha oscillations in awake-behaving macaques},
  author={Bollimunta, Anil and Chen, Yonghong and Schroeder, Charles E and Ding, Mingzhou},
  journal={Journal of Neuroscience},
  volume={28},
  number={40},
  pages={9976--9988},
  year={2008},
  publisher={Soc Neuroscience}
}

@article{connors1997making,
  title={Making waves in the neocortex},
  author={Connors, Barry W and Amitai, Yael},
  journal={Neuron},
  volume={18},
  number={3},
  pages={347--349},
  year={1997},
  publisher={Elsevier}
}


@article{david2006mechanisms,
  title={Mechanisms of evoked and induced responses in MEG/EEG},
  author={David, Olivier and Kilner, James M and Friston, Karl J},
  journal={Neuroimage},
  volume={31},
  number={4},
  pages={1580--1591},
  year={2006},
  publisher={Elsevier}
}

@article{elston2007specialization,
  title={Specialization of the neocortical pyramidal cell during primate evolution},
  author={Elston, Guy N},
  year={2007},
  publisher={Elsevier}
}

@misc{pinotsis2014neural,
  title={Neural masses and fields: modeling the dynamics of brain activity},
  author={Pinotsis, Dimitris and Robinson, Peter and beim Graben, Peter and Friston, Karl},
  journal={Frontiers in computational neuroscience},
  volume={8},
  pages={149},
  year={2014},
  publisher={Frontiers Media SA}
}

@article{zhao2015generalized,
  title={Generalized seizures in a neural field model with bursting dynamics},
  author={Zhao, X and Robinson, Peter A},
  journal={Journal of computational neuroscience},
  volume={39},
  number={2},
  pages={197--216},
  year={2015},
  publisher={Springer}
}

@article{huang2021novel,
  title={A novel density-based neural mass model for simulating neuronal network dynamics with conductance-based synapses and membrane current adaptation},
  author={Huang, Chih-Hsu and Lin, Chou-Ching K},
  journal={Neural Networks},
  volume={143},
  pages={183--197},
  year={2021},
  publisher={Elsevier}
}

@article{glomb2021computational,
  title={Computational models in electroencephalography},
  author={Glomb, Katharina and Cabral, Joana and Cattani, Anna and Mazzoni, Alberto and Raj, Ashish and Franceschiello, Benedetta},
  journal={Brain topography},
  pages={1--20},
  year={2021},
  publisher={Springer}
}
@article{marreiros2008population,
  title={Population dynamics: variance and the sigmoid activation function},
  author={Marreiros, Andr{\'e} C and Daunizeau, Jean and Kiebel, Stefan J and Friston, Karl J},
  journal={Neuroimage},
  volume={42},
  number={1},
  pages={147--157},
  year={2008},
  publisher={Elsevier}
}

@article{liley1999continuum,
  title={A continuum theory of electro-cortical activity},
  author={Liley, David TJ and Cadusch, Peter J and Wright, James J},
  journal={Neurocomputing},
  volume={26},
  pages={795--800},
  year={1999},
  publisher={Elsevier}
}

@article{berger1929elektroenkephalogramm,
  title={{\"U}ber das elektroenkephalogramm des menschen},
  author={Berger, Hans},
  journal={Archiv f{\"u}r psychiatrie und nervenkrankheiten},
  volume={87},
  number={1},
  pages={527--570},
  year={1929}
}

@article{freeman1992tutorial,
  title={Tutorial on neurobiology: from single neurons to brain chaos},
  author={Freeman, Walter J},
  journal={International journal of bifurcation and chaos},
  volume={2},
  number={03},
  pages={451--482},
  year={1992},
  publisher={World Scientific}
}

@article{cook2021neural,
  title={Neural Field Models: historical perspectives and recent advances},
  author={Cook, Blake J and Peterson, Andre DH and Woldman, Wessel and Terry, John R},
  journal={arXiv preprint arXiv:2103.10554},
  year={2021}
}

@book{coombes2014neural,
  title={Neural fields: theory and applications},
  author={Coombes, Stephen and beim Graben, Peter and Potthast, Roland and Wright, James},
  year={2014},
  publisher={Springer}
}

@article{evertz2022alpha,
  title={Alpha blocking and 1/f$\beta$ spectral scaling in resting EEG can be accounted for by a sum of damped alpha band oscillatory processes},
  author={Evertz, Rick and Hicks, Damien G and Liley, David TJ},
  journal={PLOS Computational Biology},
  volume={18},
  number={4},
  pages={e1010012},
  year={2022},
  publisher={Public Library of Science San Francisco, CA USA}
}

@article{niedermeyer2005normal,
  title={The normal EEG of the waking adult},
  author={Niedermeyer, Ernst and others},
  journal={Electroencephalography: Basic principles, clinical applications, and related fields},
  volume={167},
  pages={155--164},
  year={2005},
  publisher={Lippincott Williams \& Wilkins Philadelphia, PA}
}

@article{cona2014thalamo,
  title={A thalamo-cortical neural mass model for the simulation of brain rhythms during sleep},
  author={Cona, Filippo and Lacanna, M and Ursino, Mauro},
  journal={Journal of Computational Neuroscience},
  volume={37},
  number={1},
  pages={125--148},
  year={2014},
  publisher={Springer}
}

@article{bhattacharya2011thalamo,
  title={A thalamo--cortico--thalamic neural mass model to study alpha rhythms in Alzheimer’s disease},
  author={Bhattacharya, Basabdatta Sen and Coyle, Damien and Maguire, Liam P},
  journal={Neural networks},
  volume={24},
  number={6},
  pages={631--645},
  year={2011},
  publisher={Elsevier}
}

@article{zetterberg1978performance,
  title={Performance of a model for a local neuron population},
  author={Zetterberg, Lars H and Kristiansson, L and Mossberg, K},
  journal={Biological cybernetics},
  volume={31},
  number={1},
  pages={15--26},
  year={1978},
  publisher={Springer}
}

@article{wendling2000relevance,
  title={Relevance of nonlinear lumped-parameter models in the analysis of depth-EEG epileptic signals},
  author={Wendling, Fabrice and Bellanger, Jean-Jacques and Bartolomei, Fabrice and Chauvel, Patrick},
  journal={Biological cybernetics},
  volume={83},
  number={4},
  pages={367--378},
  year={2000},
  publisher={Springer}
}

@article{zavaglia2006neural,
  title={A neural mass model for the simulation of cortical activity estimated from high resolution EEG during cognitive or motor tasks},
  author={Zavaglia, Melissa and Astolfi, Laura and Babiloni, Fabio and Ursino, Mauro},
  journal={Journal of neuroscience methods},
  volume={157},
  number={2},
  pages={317--329},
  year={2006},
  publisher={Elsevier}
}

@article{sotero2007realistically,
  title={Realistically coupled neural mass models can generate EEG rhythms},
  author={Sotero, Roberto C and Trujillo-Barreto, Nelson J and Iturria-Medina, Yasser and Carbonell, Felix and Jimenez, Juan C},
  journal={Neural computation},
  volume={19},
  number={2},
  pages={478--512},
  year={2007},
  publisher={MIT Press}
}

@article{goldman2019bridging,
  title={Bridging single neuron dynamics to global brain states},
  author={Goldman, Jennifer S and Tort-Colet, N{\'u}ria and Di Volo, Matteo and Susin, Eduarda and Bout{\'e}, Jules and Dali, Melissa and Carlu, Mallory and Nghiem, Trang-Anh and G{\'o}rski, Tomasz and Destexhe, Alain},
  journal={Frontiers in systems neuroscience},
  pages={75},
  year={2019},
  publisher={Frontiers}
}
@article{byrne2020next,
  title={Next-generation neural mass and field modeling},
  author={Byrne, {\'A}ine and O’Dea, Reuben D and Forrester, Michael and Ross, James and Coombes, Stephen},
  journal={Journal of neurophysiology},
  volume={123},
  number={2},
  pages={726--742},
  year={2020},
  publisher={American Physiological Society Bethesda, MD}
}

@phdthesis{taher2021next,
  title={Next generation neural mass models: working memory, all-brain modelling and multi-timescale phenomena},
  author={Taher, Halgurd},
  year={2021},
  school={Universit{\'e} C{\^o}te d'Azur}
}

@article{turker2005black,
  title={Black box revisited: a technique for estimating postsynaptic potentials in neurons},
  author={T{\"u}rker, KS and Powers, RK},
  journal={Trends in neurosciences},
  volume={28},
  number={7},
  pages={379--386},
  year={2005},
  publisher={Elsevier}
}

@article{abdelnour2014network,
  title={Network diffusion accurately models the relationship between structural and functional brain connectivity networks},
  author={Abdelnour, Farras and Voss, Henning U and Raj, Ashish},
  journal={Neuroimage},
  volume={90},
  pages={335--347},
  year={2014},
  publisher={Elsevier}
}



@article{robinson2005multiscale,
  title={Multiscale brain modelling},
  author={Robinson, Peter A and Rennie, CJ and Rowe, Donald L and O'Connor, SC and Gordon, and E},
  journal={Philosophical Transactions of the Royal Society B: Biological Sciences},
  volume={360},
  number={1457},
  pages={1043--1050},
  year={2005},
  publisher={The Royal Society London}
}


@article{verma2022spectral,
  title={Spectral graph theory of brain oscillations—-Revisited and improved},
  author={Verma, Parul and Nagarajan, Srikantan and Raj, Ashish},
  journal={NeuroImage},
  volume={249},
  pages={118919},
  year={2022},
  publisher={Elsevier}
}

@article{beurle1956properties,
  title={Properties of a mass of cells capable of regenerating pulses},
  author={Beurle, Raymond L},
  journal={Philosophical Transactions of the Royal Society of London. Series B, Biological Sciences},
  pages={55--94},
  year={1956},
  publisher={JSTOR}
}

@article{bernard1994synaptic,
  title={Synaptic integration of NMDA and non-NMDA receptors in large neuronal network models solved by means of differential equations},
  author={Bernard, Christophe and Ge, YC and Stockley, E and Willis, JB and Wheal, Howard V},
  journal={Biological cybernetics},
  volume={70},
  pages={267--273},
  year={1994},
  publisher={Springer}
}

@article{bacsar2001gamma,
  title={Gamma, alpha, delta, and theta oscillations govern cognitive processes},
  author={Ba{\c{s}}ar, Erol and Ba{\c{s}}ar-Eroglu, Canan and Karaka{\c{s}}, Sirel and Sch{\"u}rmann, Martin},
  journal={International journal of psychophysiology},
  volume={39},
  number={2-3},
  pages={241--248},
  year={2001},
  publisher={Elsevier}
}

@article{muthukumaraswamy20181,
  title={1/f electrophysiological spectra in resting and drug-induced states can be explained by the dynamics of multiple oscillatory relaxation processes},
  author={Muthukumaraswamy, Suresh D and Liley, David TJ},
  journal={NeuroImage},
  volume={179},
  pages={582--595},
  year={2018},
  publisher={Elsevier}
}

@article{scally2018resting,
  title={Resting-state EEG power and connectivity are associated with alpha peak frequency slowing in healthy aging},
  author={Scally, Brian and Burke, Melanie Rose and Bunce, David and Delvenne, Jean-Francois},
  journal={Neurobiology of aging},
  volume={71},
  pages={149--155},
  year={2018},
  publisher={Elsevier}
}

@article{buchanan2021elevated,
  title={Elevated and slowed EEG oscillations in patients with post-concussive syndrome and chronic pain following a motor vehicle collision},
  author={Buchanan, Derrick Matthew and Ros, Tomas and Nahas, Richard},
  journal={Brain sciences},
  volume={11},
  number={5},
  pages={537},
  year={2021},
  publisher={MDPI}
}

@article{saalmann2012pulvinar,
  title={The pulvinar regulates information transmission between cortical areas based on attention demands},
  author={Saalmann, Yuri B and Pinsk, Mark A and Wang, Liang and Li, Xin and Kastner, Sabine},
  journal={science},
  volume={337},
  number={6095},
  pages={753--756},
  year={2012},
  publisher={American Association for the Advancement of Science}
}

@article{lHorincz2009temporal,
  title={Temporal framing of thalamic relay-mode firing by phasic inhibition during the alpha rhythm},
  author={L{\H{o}}rincz, Magor L and K{\'e}kesi, Katalin A and Juh{\'a}sz, G{\'a}bor and Crunelli, Vincenzo and Hughes, Stuart W},
  journal={Neuron},
  volume={63},
  number={5},
  pages={683--696},
  year={2009},
  publisher={Elsevier}
}

@article{hughes2011thalamic,
  title={Thalamic gap junctions control local neuronal synchrony and influence macroscopic oscillation amplitude during EEG alpha rhythms},
  author={Hughes, Stuart W and L{\H{o}}rincz, Magor L and Blethyn, Kate and K{\'e}kesi, Katalin A and Juh{\'a}sz, G{\'a}bor and Turmaine, Mark and Parnavelas, John G and Crunelli, Vincenzo},
  journal={Frontiers in psychology},
  volume={2},
  pages={193},
  year={2011},
  publisher={Frontiers Research Foundation}
}

@article{valdes2010white,
  title={White matter architecture rather than cortical surface area correlates with the EEG alpha rhythm},
  author={Vald{\'e}s-Hern{\'a}ndez, Pedro A and Ojeda-Gonz{\'a}lez, Alejandro and Mart{\'\i}nez-Montes, Eduardo and Lage-Castellanos, Agust{\'\i}n and Viru{\'e}s-Alba, Trinidad and Vald{\'e}s-Urrutia, Lourdes and Valdes-Sosa, Pedro A},
  journal={Neuroimage},
  volume={49},
  number={3},
  pages={2328--2339},
  year={2010},
  publisher={Elsevier}
}

@book{nunez2006electric,
  title={Electric fields of the brain: the neurophysics of EEG},
  author={Nunez, Paul L and Srinivasan, Ramesh and others},
  year={2006},
  publisher={Oxford University Press, USA}
}

@article{visser2017standing,
  title={Standing and travelling waves in a spherical brain model: the Nunez model revisited},
  author={Visser, Sid and Nicks, Rachel and Faugeras, Olivier and Coombes, Stephen},
  journal={Physica D: Nonlinear Phenomena},
  volume={349},
  pages={27--45},
  year={2017},
  publisher={Elsevier}
}

@article{lopes1998dynamics,
  title={Dynamics of EEGs as signals of neuronal populations: models and theoretical considerations},
  author={Lopes da Silva, FH},
  journal={Electroencephalography: Basic Principles, Clinical Applications and Related Fields, 4th edition},
  pages={76--92},
  year={1998},
  publisher={Williams \& Wilkins}
}

@article{steriade2005cellular,
  title={Cellular substrates of brain rhythms},
  author={Steriade, Mircea},
  journal={Electroencephalography: Basic principles, clinical applications, and related fields},
  volume={5},
  pages={31--83},
  year={2005},
  publisher={Lippincott Williams and Wilkins Philadelphia, PA}
}

@article{robinson2001prediction,
  title={Prediction of electroencephalographic spectra from neurophysiology},
  author={Robinson, Peter A and Rennie, Christopher J and Wright, James J and Bahramali, H and Gordon, Evian and Rowe, Donald L},
  journal={Physical Review E},
  volume={63},
  number={2},
  pages={021903},
  year={2001},
  publisher={APS}
}

@article{schirner2018inferring,
  title={Inferring multi-scale neural mechanisms with brain network modelling},
  author={Schirner, Michael and McIntosh, Anthony Randal and Jirsa, Viktor and Deco, Gustavo and Ritter, Petra},
  journal={Elife},
  volume={7},
  pages={e28927},
  year={2018},
  publisher={eLife Sciences Publications Limited}
}

@article{nunez1974brain,
  title={The brain wave equation: a model for the EEG},
  author={Nunez, Paul L},
  journal={Mathematical Biosciences},
  volume={21},
  number={3-4},
  pages={279--297},
  year={1974},
  publisher={Elsevier}
}


@incollection{griffiths2022whole,
  title={Whole-Brain Modelling: Past, Present, and Future},
  author={Griffiths, John D and Bastiaens, Sorenza P and Kaboodvand, Neda},
  booktitle={Computational Modelling of the Brain},
  pages={313--355},
  year={2022},
  publisher={Springer}
}

@book{nunez1995neocortical,
  title={Neocortical dynamics and human EEG rhythms},
  author={Nunez, Paul L and Cutillo, Brian A},
  year={1995},
  publisher={Oxford University Press, USA}
}

@article{nunez2006theoretical,
  title={A theoretical basis for standing and traveling brain waves measured with human EEG with implications for an integrated consciousness},
  author={Nunez, Paul L and Srinivasan, Ramesh},
  journal={Clinical neurophysiology},
  volume={117},
  number={11},
  pages={2424--2435},
  year={2006},
  publisher={Elsevier}
}
@article{neymotin2020human,
  title={Human Neocortical Neurosolver (HNN), a new software tool for interpreting the cellular and network origin of human MEG/EEG data},
  author={Neymotin, Samuel A and Daniels, Dylan S and Caldwell, Blake and McDougal, Robert A and Carnevale, Nicholas T and Jas, Mainak and Moore, Christopher I and Hines, Michael L and H{\"a}m{\"a}l{\"a}inen, Matti and Jones, Stephanie R},
  journal={Elife},
  volume={9},
  pages={e51214},
  year={2020},
  publisher={eLife Sciences Publications Limited}
}

@article{jones2009quantitative,
  title={Quantitative analysis and biophysically realistic neural modeling of the MEG mu rhythm: rhythmogenesis and modulation of sensory-evoked responses},
  author={Jones, Stephanie R and Pritchett, Dominique L and Sikora, Michael A and Stufflebeam, Steven M and H{\"a}m{\"a}l{\"a}inen, Matti and Moore, Christopher I},
  journal={Journal of neurophysiology},
  volume={102},
  number={6},
  pages={3554--3572},
  year={2009},
  publisher={American Physiological Society Bethesda, MD}
}

@article{rowe2004estimation,
  title={Estimation of neurophysiological parameters from the waking EEG using a biophysical model of brain dynamics},
  author={Rowe, Donald L and Robinson, Peter A and Rennie, Christopher J},
  journal={Journal of theoretical biology},
  volume={231},
  number={3},
  pages={413--433},
  year={2004},
  publisher={Elsevier}
}

@article{izhikevich2003simple,
  title={Simple model of spiking neurons},
  author={Izhikevich, Eugene M},
  journal={IEEE Transactions on neural networks},
  volume={14},
  number={6},
  pages={1569--1572},
  year={2003},
  publisher={IEEE}
}


@article{izhikevich2008large,
  title={Large-scale model of mammalian thalamocortical systems},
  author={Izhikevich, Eugene M and Edelman, Gerald M},
  journal={Proceedings of the national academy of sciences},
  volume={105},
  number={9},
  pages={3593--3598},
  year={2008},
  publisher={National Acad Sciences}
}

@article{studenova2022non,
  title={Non-zero mean alpha oscillations revealed with computational model and empirical data},
  author={Studenova, Alina A and Villringer, Arno and Nikulin, Vadim V},
  journal={PLoS computational biology},
  volume={18},
  number={7},
  pages={e1010272},
  year={2022},
  publisher={Public Library of Science San Francisco, CA USA}
}

@article{yao2022reduced,
  title={Reduced inhibition in depression impairs stimulus processing in human cortical microcircuits},
  author={Yao, Heng Kang and Guet-McCreight, Alexandre and Mazza, Frank and Chameh, Homeira Moradi and Prevot, Thomas D and Griffiths, John D and Tripathy, Shreejoy J and Valiante, Taufik A and Sibille, Etienne and Hay, Etay},
  journal={Cell Reports},
  volume={38},
  number={2},
  pages={110232},
  year={2022},
  publisher={Elsevier}
}

@article{mazza2022eeg,
  title={In-silico EEG Biomarkers of reduced inhibition in human cortical microcircuits in depression},
  author={Mazza, Frank and Valiante, Taufik A and Griffiths, John D and Hay, Etay},
  journal={bioRxiv},
  pages={2021--07},
  year={2022},
  publisher={Cold Spring Harbor Laboratory}
}

@article{deco2011emerging,
  title={Emerging concepts for the dynamical organization of resting-state activity in the brain},
  author={Deco, Gustavo and Jirsa, Viktor K and McIntosh, Anthony R},
  journal={Nature Reviews Neuroscience},
  volume={12},
  number={1},
  pages={43--56},
  year={2011},
  publisher={Nature Publishing Group}
}

@incollection{liley2014neural,
  title={Neural field modelling of the electroencephalogram: physiological insights and practical applications},
  author={Liley, David TJ},
  booktitle={Neural Fields},
  pages={367--392},
  year={2014},
  publisher={Springer}
}

@article{roberts2012corticothalamic,
  title={Corticothalamic dynamics: structure of parameter space, spectra, instabilities, and reduced model},
  author={Roberts, JA and Robinson, PA},
  journal={Physical Review E},
  volume={85},
  number={1},
  pages={011910},
  year={2012},
  publisher={APS}
}

@article{abeysuriya2015physiologically,
  title={Physiologically based arousal state estimation and dynamics},
  author={Abeysuriya, RG and Rennie, CJ and Robinson, PA},
  journal={Journal of Neuroscience Methods},
  volume={253},
  pages={55--69},
  year={2015},
  publisher={Elsevier}
}

@book{steyn2010modeling,
  title={Modeling phase transitions in the brain},
  author={Steyn-Ross, Alistair and Steyn-Ross, Moira},
  volume={509},
  year={2010},
  publisher={Springer}
}

@article{abeysuriya2018biophysical,
  title={A biophysical model of dynamic balancing of excitation and inhibition in fast oscillatory large-scale networks},
  author={Abeysuriya, Romesh G and Hadida, Jonathan and Sotiropoulos, Stamatios N and Jbabdi, Saad and Becker, Robert and Hunt, Benjamin AE and Brookes, Matthew J and Woolrich, Mark W},
  journal={PLoS computational biology},
  volume={14},
  number={2},
  pages={e1006007},
  year={2018},
  publisher={Public Library of Science San Francisco, CA USA}
}

@article{voytek2015age,
  title={Age-related changes in 1/f neural electrophysiological noise},
  author={Voytek, Bradley and Kramer, Mark A and Case, John and Lepage, Kyle Q and Tempesta, Zechari R and Knight, Robert T and Gazzaley, Adam},
  journal={Journal of Neuroscience},
  volume={35},
  number={38},
  pages={13257--13265},
  year={2015},
  publisher={Soc Neuroscience}
}

@article{hartoyo2020inferring,
  title={Inferring a simple mechanism for alpha-blocking by fitting a neural population model to EEG spectra},
  author={Hartoyo, Agus and Cadusch, Peter J and Liley, David TJ and Hicks, Damien G},
  journal={PLoS computational biology},
  volume={16},
  number={4},
  pages={e1007662},
  year={2020},
  publisher={Public Library of Science San Francisco, CA USA}
}


@article{zhao2015slow,
  title={Slow-wave oscillations in a corticothalamic model of sleep and wake},
  author={Zhao, X and Kim, JW and Robinson, PA},
  journal={Journal of theoretical biology},
  volume={370},
  pages={93--102},
  year={2015},
  publisher={Elsevier}
}

@book{kandel2000principles,
  title={Principles of neural science},
  author={Kandel, Eric R and Schwartz, James H and Jessell, Thomas M and Siegelbaum, Steven and Hudspeth, A James and Mack, Sarah and others},
  volume={4},
  year={2000},
  publisher={McGraw-hill New York}
}

@article{freeman1979nonlinear,
  title={Nonlinear gain mediating cortical stimulus-response relations},
  author={Freeman, Walter J},
  journal={Biological cybernetics},
  volume={33},
  number={4},
  pages={237--247},
  year={1979},
  publisher={Springer}
}

@article{haegens2014inter,
  title={Inter-and intra-individual variability in alpha peak frequency},
  author={Haegens, Saskia and Cousijn, Helena and Wallis, George and Harrison, Paul J and Nobre, Anna C},
  journal={Neuroimage},
  volume={92},
  pages={46--55},
  year={2014},
  publisher={Elsevier}
}

@article{bojak2014neural,
  title={Neural population models and cortical field theory: overview},
  author={Bojak, Ingo},
  year={2014},
  publisher={Springer}
}

@article{da1977cortical,
  title={The cortical source of the alpha rhythm},
  author={Lopes da Silva, FH and Van Leeuwen, W Storm},
  journal={Neuroscience letters},
  volume={6},
  number={2-3},
  pages={237--241},
  year={1977},
  publisher={Elsevier}
}


@article{robinson2003neurophysical,
  title={Neurophysical modeling of brain dynamics},
  author={Robinson, Peter A and Rennie, Christopher J and Rowe, Donald L and O'Connor, Susie C and Wright, James J and Gordon, Evian and Whitehouse, Richard W},
  journal={Neuropsychopharmacology},
  volume={28},
  number={1},
  pages={S74--S79},
  year={2003},
  publisher={Nature Publishing Group}
}

@article{freeman1972waves,
  title={Waves, pulses, and the theory of neural masses},
  author={Freeman, Walter J},
  journal={Progress in theoretical biology},
  volume={2},
  number={1},
  pages={1--10},
  year={1972}
}

@article{freeman1972linear,
  title={Linear analysis of the dynamics of neural masses},
  author={Freeman, Walter J},
  journal={Annual review of biophysics and bioengineering},
  volume={1},
  number={1},
  pages={225--256},
  year={1972},
  publisher={Annual Reviews 4139 El Camino Way, PO Box 10139, Palo Alto, CA 94303-0139, USA}
}

@book{freeman1975mass,
  title={Mass action in the nervous system},
  author={Freeman, Walter J},
  volume={2004},
  year={1975},
  publisher={Citeseer}
}

@article{wilson1972excitatory,
  title={Excitatory and inhibitory interactions in localized populations of model neurons},
  author={Wilson, Hugh R and Cowan, Jack D},
  journal={Biophysical journal},
  volume={12},
  number={1},
  pages={1--24},
  year={1972},
  publisher={Elsevier}
}

@article{bollimunta2011neuronal,
  title={Neuronal mechanisms and attentional modulation of corticothalamic alpha oscillations},
  author={Bollimunta, Anil and Mo, Jue and Schroeder, Charles E and Ding, Mingzhou},
  journal={Journal of Neuroscience},
  volume={31},
  number={13},
  pages={4935--4943},
  year={2011},
  publisher={Soc Neuroscience}
}

@article{bucci2004executive,
  title={Executive hypercontrol in obsessive--compulsive disorder: electrophysiological and neuropsychological indices},
  author={Bucci, Paola and Mucci, Armida and Volpe, Umberto and Merlotti, Eleonora and Galderisi, Silvana and Maj, Mario},
  journal={Clinical neurophysiology},
  volume={115},
  number={6},
  pages={1340--1348},
  year={2004},
  publisher={Elsevier}
}

@article{clancy2017restless,
  title={Restless ‘rest’: intrinsic sensory hyperactivity and disinhibition in post-traumatic stress disorder},
  author={Clancy, Kevin and Ding, Mingzhou and Bernat, Edward and Schmidt, Norman B and Li, Wen},
  journal={Brain},
  volume={140},
  number={7},
  pages={2041--2050},
  year={2017},
  publisher={Oxford University Press}
}

@article{deiber2020linking,
  title={Linking alpha oscillations, attention and inhibitory control in adult ADHD with EEG neurofeedback},
  author={Deiber, Marie-Pierre and Hasler, Roland and Colin, Julien and Dayer, Alexandre and Aubry, Jean-Michel and Baggio, St{\'e}phanie and Perroud, Nader and Ros, Tomas},
  journal={NeuroImage: Clinical},
  volume={25},
  pages={102145},
  year={2020},
  publisher={Elsevier}
}

@article{jensen2010shaping,
  title={Shaping functional architecture by oscillatory alpha activity: gating by inhibition},
  author={Jensen, Ole and Mazaheri, Ali},
  journal={Frontiers in human neuroscience},
  volume={4},
  pages={186},
  year={2010},
  publisher={Frontiers Research Foundation}
}

@article{samaha2015speed,
  title={The speed of alpha-band oscillations predicts the temporal resolution of visual perception},
  author={Samaha, Jason and Postle, Bradley R},
  journal={Current Biology},
  volume={25},
  number={22},
  pages={2985--2990},
  year={2015},
  publisher={Elsevier}
}
@article{wianda2019roles,
  title={The roles of alpha oscillation in working memory retention},
  author={Wianda, Elvis and Ross, Bernhard},
  journal={Brain and behavior},
  volume={9},
  number={4},
  pages={e01263},
  year={2019},
  publisher={Wiley Online Library}
}




@Inbook{Knösche2015,
author="Kn{\"o}sche, Thomas R.",
editor="Jaeger, Dieter
and Jung, Ranu",
title="Jansen-Rit Model",
bookTitle="Encyclopedia of Computational Neuroscience",
year="2015",
publisher="Springer New York",
address="New York, NY",
pages="1463--1466",
isbn="978-1-4614-6675-8",
doi="10.1007/978-1-4614-6675-8_65",
url="https://doi.org/10.1007/978-1-4614-6675-8_65"
}

@article{freeman1974model,
  title={A model for mutual excitation in a neuron population in olfactory bulb},
  author={Freeman, Walter J},
  journal={IEEE Transactions on Biomedical Engineering},
  number={5},
  pages={350--358},
  year={1974},
  publisher={IEEE}
}

@article{freeman1987simulation,
  title={Simulation of chaotic EEG patterns with a dynamic model of the olfactory system},
  author={Freeman, Walter J},
  journal={Biological cybernetics},
  volume={56},
  number={2-3},
  pages={139--150},
  year={1987},
  publisher={Springer}
}

@article{wright1995simulation,
  title={Simulation of electrocortical waves},
  author={Wright, James J and Liley, David TJ},
  journal={Biological cybernetics},
  volume={72},
  pages={347--356},
  year={1995},
  publisher={Springer}
}

@article{klimesch1999eeg,
  title={EEG alpha and theta oscillations reflect cognitive and memory performance: a review and analysis},
  author={Klimesch, Wolfgang},
  journal={Brain research reviews},
  volume={29},
  number={2-3},
  pages={169--195},
  year={1999},
  publisher={Elsevier}
}


@article{griffith1963field,
  title={A field theory of neural nets: I: Derivation of field equations},
  author={Griffith, John S},
  journal={The bulletin of mathematical biophysics},
  volume={25},
  pages={111--120},
  year={1963},
  publisher={Springer}
}


@Inbook{Kilpatrick2013,
author="Kilpatrick, Zachary P.",
editor="Jaeger, Dieter
and Jung, Ranu",
title="Wilson-Cowan Model",
bookTitle="Encyclopedia of Computational Neuroscience",
year="2013",
publisher="Springer New York",
address="New York, NY",
pages="1--5",
isbn="978-1-4614-7320-6",
doi="10.1007/978-1-4614-7320-6_80-1",
url="https://doi.org/10.1007/978-1-4614-7320-6_80-1"
}

@ARTICLE{2020SciPy-NMeth,
  author  = {Virtanen, Pauli and Gommers, Ralf and Oliphant, Travis E. and
            Haberland, Matt and Reddy, Tyler and Cournapeau, David and
            Burovski, Evgeni and Peterson, Pearu and Weckesser, Warren and
            Bright, Jonathan and {van der Walt}, St{\'e}fan J. and
            Brett, Matthew and Wilson, Joshua and Millman, K. Jarrod and
            Mayorov, Nikolay and Nelson, Andrew R. J. and Jones, Eric and
            Kern, Robert and Larson, Eric and Carey, C J and
            Polat, {\.I}lhan and Feng, Yu and Moore, Eric W. and
            {VanderPlas}, Jake and Laxalde, Denis and Perktold, Josef and
            Cimrman, Robert and Henriksen, Ian and Quintero, E. A. and
            Harris, Charles R. and Archibald, Anne M. and
            Ribeiro, Ant{\^o}nio H. and Pedregosa, Fabian and
            {van Mulbregt}, Paul and {SciPy 1.0 Contributors}},
  title   = {{{SciPy} 1.0: Fundamental Algorithms for Scientific
            Computing in Python}},
  journal = {Nature Methods},
  year    = {2020},
  volume  = {17},
  pages   = {261--272},
  adsurl  = {https://rdcu.be/b08Wh},
  doi     = {10.1038/s41592-019-0686-2},
}

@article{barry2017eeg,
  title={EEG differences between eyes-closed and eyes-open resting remain in healthy ageing},
  author={Barry, Robert J and De Blasio, Frances M},
  journal={Biological psychology},
  volume={129},
  pages={293--304},
  year={2017},
  publisher={Elsevier}
}

@article{adrian1934berger,
  title={The Berger rhythm: potential changes from the occipital lobes in man},
  author={Adrian, Edgar Douglas and Matthews, Brian HC},
  journal={Brain},
  volume={57},
  number={4},
  pages={355--385},
  year={1934},
  publisher={Oxford University Press}
}

@article{chapman1962quantitative,
  title={A quantitative survey of kappa and alpha EEG activity},
  author={Chapman, Robert M and Armington, John C and Bragdon, Henry R},
  journal={Electroencephalography and Clinical Neurophysiology},
  volume={14},
  number={6},
  pages={858--868},
  year={1962},
  publisher={Elsevier}
}

@article{fingelkurts2006composition,
  title={Composition of brain oscillations in ongoing EEG during major depression disorder},
  author={Fingelkurts, Alexander A and Fingelkurts, Andrew A and Ryts{\"a}l{\"a}, Heikki and Suominen, Kirsi and Isomets{\"a}, Erkki and K{\"a}hk{\"o}nen, Seppo},
  journal={Neuroscience research},
  volume={56},
  number={2},
  pages={133--144},
  year={2006},
  publisher={Elsevier}
}

@article{karadag2003quantitative,
  title={Quantitative EEG analysis in obsessive compulsive disorder},
  author={Karadag, Filiz and Oguzhanoglu, Nalan Kalkan and Kurt, T{\"u}lay and Oguzhanoglu, Atilla and Atesci, Figen and {\"O}zdel, Osman},
  journal={International journal of neuroscience},
  volume={113},
  number={6},
  pages={833--847},
  year={2003},
  publisher={Taylor \& Francis}
}

@article{metzger2004ptsd,
  title={PTSD arousal and depression symptoms associated with increased right-sided parietal EEG asymmetry.},
  author={Metzger, Linda J and Paige, Stephen R and Carson, Margaret A and Lasko, Natasha B and Paulus, Lynn A and Pitman, Roger K and Orr, Scott P},
  journal={Journal of abnormal psychology},
  volume={113},
  number={2},
  pages={324},
  year={2004},
  publisher={American Psychological Association}
}

@article{marreiros2010dynamic,
  title={A dynamic causal model study of neuronal population dynamics},
  author={Marreiros, Andr{\'e} C and Kiebel, Stefan J and Friston, Karl J},
  journal={Neuroimage},
  volume={51},
  number={1},
  pages={91--101},
  year={2010},
  publisher={Elsevier}
}

@article{cooray2023global,
  title={Global dynamics of neural mass models},
  author={Cooray, Gerald Kaushallye and Rosch, Richard Ewald and Friston, Karl John},
  journal={PLOS Computational Biology},
  volume={19},
  number={2},
  pages={e1010915},
  year={2023},
  publisher={Public Library of Science San Francisco, CA USA}
}


@article{donoghue2020parameterizing,
  title={Parameterizing neural power spectra into periodic and aperiodic components},
  author={Donoghue, Thomas and Haller, Matar and Peterson, Erik J and Varma, Paroma and Sebastian, Priyadarshini and Gao, Richard and Noto, Torben and Lara, Antonio H and Wallis, Joni D and Knight, Robert T and others},
  journal={Nature neuroscience},
  volume={23},
  number={12},
  pages={1655--1665},
  year={2020},
  publisher={Nature Publishing Group US New York}
}

@article{jirsa1996field,
  title={Field theory of electromagnetic brain activity},
  author={Jirsa, Viktor K and Haken, Hermann},
  journal={Physical review letters},
  volume={77},
  number={5},
  pages={960},
  year={1996},
  publisher={APS}
}

@article{wright1996dynamics,
  title={Dynamics of the brain at global and microscopic scales: Neural networks and the EEG},
  author={Wright, JJ and Liley, DTJ},
  journal={Behavioral and Brain Sciences},
  volume={19},
  number={2},
  pages={285--295},
  year={1996},
  publisher={Cambridge University Press}
}

@article{abeysuriya2014prediction,
  title={Prediction and verification of nonlinear sleep spindle harmonic oscillations},
  author={Abeysuriya, Romesh G and Rennie, Chris J and Robinson, Peter A},
  journal={Journal of Theoretical Biology},
  volume={344},
  pages={70--77},
  year={2014},
  publisher={Elsevier}
}

@article{breakspear2006unifying,
  title={A unifying explanation of primary generalized seizures through nonlinear brain modeling and bifurcation analysis},
  author={Breakspear, Michael and Roberts, James A and Terry, John R and Rodrigues, Serafim and Mahant, Neil and Robinson, Peter A},
  journal={Cerebral Cortex},
  volume={16},
  number={9},
  pages={1296--1313},
  year={2006},
  publisher={Oxford University Press}
}

@article{kerr2008physiology,
  title={Physiology-based modeling of cortical auditory evoked potentials},
  author={Kerr, Cliff C and Rennie, Christopher J and Robinson, Peter A},
  journal={Biological cybernetics},
  volume={98},
  pages={171--184},
  year={2008},
  publisher={Springer}
}

@article{robinson2014determination,
  title={Determination of effective brain connectivity from functional connectivity using propagator-based interferometry and neural field theory with application to the corticothalamic system},
  author={Robinson, PA},
  journal={Physical Review E},
  volume={90},
  number={4},
  pages={042712},
  year={2014},
  publisher={APS}
}

@article{robinson2016eigenmodes,
  title={Eigenmodes of brain activity: Neural field theory predictions and comparison with experiment},
  author={Zhao, X and Griffiths, JD and Mehta-Pandejee, Grishma},
  journal={NeuroImage},
  volume={142},
  pages={79--98},
  year={2016},
  publisher={Elsevier}
}

@article{sanz2017multistability,
  title={Multistability in the corticothalamic system},
  author={Sanz-Leon, Paula and Robinson, PA},
  journal={Journal of Theoretical Biology},
  volume={432},
  pages={141--156},
  year={2017},
  publisher={Elsevier}
}

@article{gast2019pyrates,
  title={PyRates—A Python framework for rate-based neural simulations},
  author={Gast, Richard and Rose, Daniel and Salomon, Christoph and M{\"o}ller, Harald E and Weiskopf, Nikolaus and Kn{\"o}sche, Thomas R},
  journal={PloS one},
  volume={14},
  number={12},
  pages={e0225900},
  year={2019},
  publisher={Public Library of Science San Francisco, CA USA}
}

@article{katznelson1981normal,
  title={Normal modes of the brain: neuroanatomical basis and a physiological theoretical model},
  author={Katznelson, RD},
  journal={Electric fields of the brain: The neurophysics of EEG},
  volume={1},
  pages={401--442},
  year={1981},
  publisher={Oxford University}
}

@article{rall1964theoretical,
  title={Theoretical significance of dendritic trees for neuronal input-output relations},
  author={Rall, Wilfrid},
  journal={Neural theory and modeling},
  year={1964},
  publisher={Stanford University Press}
}

@article{rall1962electrophysiology,
  title={Electrophysiology of a dendritic neuron model},
  author={Rall, Wilfrid},
  journal={Biophysical journal},
  volume={2},
  number={2 Pt 2},
  pages={145},
  year={1962},
  publisher={The Biophysical Society}
}

@article{sohal2019excitation,
  title={Excitation-inhibition balance as a framework for investigating mechanisms in neuropsychiatric disorders},
  author={Sohal, Vikaas S and Rubenstein, John LR},
  journal={Molecular psychiatry},
  volume={24},
  number={9},
  pages={1248--1257},
  year={2019},
  publisher={Nature Publishing Group UK London}
}

@article{meisel2017decline,
  title={Decline of long-range temporal correlations in the human brain during sustained wakefulness},
  author={Meisel, Christian and Bailey, Kimberlyn and Achermann, Peter and Plenz, Dietmar},
  journal={Scientific reports},
  volume={7},
  number={1},
  pages={11825},
  year={2017},
  publisher={Nature Publishing Group UK London}
}

@article{murray2014linking,
  title={Linking microcircuit dysfunction to cognitive impairment: effects of disinhibition associated with schizophrenia in a cortical working memory model},
  author={Murray, John D and Anticevic, Alan and Gancsos, Mark and Ichinose, Megan and Corlett, Philip R and Krystal, John H and Wang, Xiao-Jing},
  journal={Cerebral cortex},
  volume={24},
  number={4},
  pages={859--872},
  year={2014},
  publisher={Oxford University Press}
}

@article{zhou2018synaptic,
  title={Synaptic EI balance underlies efficient neural coding},
  author={Zhou, Shanglin and Yu, Yuguo},
  journal={Frontiers in Neuroscience},
  volume={12},
  pages={46},
  year={2018},
  publisher={Frontiers Media SA}
}

@article{bacsar2012short,
  title={A short review of alpha activity in cognitive processes and in cognitive impairment},
  author={Ba{\c{s}}ar, Erol and G{\"u}ntekin, Bahar},
  journal={International Journal of Psychophysiology},
  volume={86},
  number={1},
  pages={25--38},
  year={2012},
  publisher={Elsevier}
}

@article{alexander2019double,
  title={Double-blind, randomized pilot clinical trial targeting alpha oscillations with transcranial alternating current stimulation (tACS) for the treatment of major depressive disorder (MDD)},
  author={Alexander, Morgan L and Alagapan, Sankaraleengam and Lugo, Courtney E and Mellin, Juliann M and Lustenberger, Caroline and Rubinow, David R and Fr{\"o}hlich, Flavio},
  journal={Translational psychiatry},
  volume={9},
  number={1},
  pages={106},
  year={2019},
  publisher={Nature Publishing Group UK London}
}

@article{ippolito2022role,
  title={The role of alpha oscillations among the main neuropsychiatric disorders in the adult and developing human brain: Evidence from the last 10 years of research},
  author={Ippolito, Giuseppe and Bertaccini, Riccardo and Tarasi, Luca and Di Gregorio, Francesco and Trajkovic, Jelena and Battaglia, Simone and Romei, Vincenzo},
  journal={Biomedicines},
  volume={10},
  number={12},
  pages={3189},
  year={2022},
  publisher={MDPI}
}

@article{johnston2023spectral,
  title={Spectral slowing in chronic stroke reflects abnormalities in both periodic and aperiodic neural dynamics},
  author={Johnston, Phillip R and McIntosh, Anthony R and Meltzer, Jed A},
  journal={NeuroImage: Clinical},
  volume={37},
  pages={103277},
  year={2023},
  publisher={Elsevier}
}

@article{freeman2003spatial,
  title={Spatial spectra of scalp EEG and EMG from awake humans},
  author={Freeman, Walter J and Holmes, Mark D and Burke, Brian C and Vanhatalo, Sampsa},
  journal={Clinical Neurophysiology},
  volume={114},
  number={6},
  pages={1053--1068},
  year={2003},
  publisher={Elsevier}
}

@article{dehghani2010comparative,
  title={Comparative power spectral analysis of simultaneous elecroencephalographic and magnetoencephalographic recordings in humans suggests non-resistive extracellular media},
  author={Dehghani, Nima and B{\'e}dard, Claude and Cash, Sydney S and Halgren, Eric and Destexhe, Alain},
  journal={Journal of computational neuroscience},
  volume={29},
  pages={405--421},
  year={2010},
  publisher={Springer}
}

@article{muller2017unified,
  title={Unified neural field theory of brain dynamics underlying oscillations in Parkinson’s disease and generalized epilepsies},
  author={M{\"u}ller, Eli J and van Albada, Sacha J and Kim, JW and Robinson, Peter A},
  journal={Journal of theoretical biology},
  volume={428},
  pages={132--146},
  year={2017},
  publisher={Elsevier}
}

@article{roberts2008modeling,
  title={Modeling absence seizure dynamics: implications for basic mechanisms and measurement of thalamocortical and corticothalamic latencies},
  author={Roberts, James A and Robinson, Peter A},
  journal={Journal of theoretical biology},
  volume={253},
  number={1},
  pages={189--201},
  year={2008},
  publisher={Elsevier}
}

@article{momi2023tms,
  title={TMS-evoked responses are driven by recurrent large-scale network dynamics},
  author={Momi, Davide and Wang, Zheng and Griffiths, John D},
  journal={Elife},
  volume={12},
  year={2023},
  publisher={eLife Sciences Publications, Ltd}
}

@article{kiani2021realistic,
  title={Realistic alpha oscillations and transient responses in a cortical microcircuit model},
  author={Kiani, Andres A and Netoff, Theoden I and Ghose, Geoffrey M},
  journal={bioRxiv},
  pages={2021--11},
  year={2021},
  publisher={Cold Spring Harbor Laboratory}
}

@article{rennie1999effects,
  title={Effects of local feedback on dispersion of electrical waves in the cerebral cortex},
  author={Rennie, Christohper J and Robinson, Peter A and Wright, James J},
  journal={Physical Review E},
  volume={59},
  number={3},
  pages={3320},
  year={1999},
  publisher={APS}
}

@incollection{freeman1991induced,
  author={Freeman, Walter J.},
  title={},
  booktitle={Induced Rhythms of the Brain},
  editor={Ba{\c{s}}ar, Erol and Bullock, Theodore Holmes},
  year={1991},
  publisher={Birkhäuser},
  address={Basel}
}

@article{van2010neurophysiological,
  title={Neurophysiological changes with age probed by inverse modeling of EEG spectra},
  author={Van Albada, SJ and Kerr, CC and Chiang, AKI and Rennie, CJ and Robinson, PA},
  journal={Clinical neurophysiology},
  volume={121},
  number={1},
  pages={21--38},
  year={2010},
  publisher={Elsevier}
}

@article{larkman1991dendritic,
  title={Dendritic morphology of pyramidal neurones of the visual cortex of the rat: III. Spine distributions},
  author={Larkman, Alan U},
  journal={Journal of comparative neurology},
  volume={306},
  number={2},
  pages={332--343},
  year={1991},
  publisher={Wiley Online Library}
}

@article{liu1991distribution,
  title={Distribution of synapses on an intracellularly labeled small pyramidal neuron in the cat motor cortex},
  author={Liu, Xiao-Bo and Zheng, Ze-Hui and Xi, Ming-Chu and Wu, Chinn-Ping},
  journal={Anatomy and embryology},
  volume={184},
  pages={313--318},
  year={1991},
  publisher={Springer}
}

@article{elhanany1990intrinsic,
  title={Intrinsic circuitry: synapses involving the local axon collaterals of corticocortical projection neurons in the mouse primary somatosensory cortex},
  author={Elhanany, Edith and White, Edward L},
  journal={Journal of Comparative Neurology},
  volume={291},
  number={1},
  pages={43--54},
  year={1990},
  publisher={Wiley Online Library}
}

@article{liley1994intracortical,
  title={Intracortical connectivity of pyramidal and stellate cells: estimates of synaptic densities and coupling symmetry},
  author={Liley, David TJ and Wright, James J},
  journal={Network: Computation in Neural Systems},
  volume={5},
  number={2},
  pages={175--189},
  year={1994},
  publisher={Taylor \& Francis}
}

@article{stefanovski2019linking,
  title={Linking molecular pathways and large-scale computational modeling to assess candidate disease mechanisms and pharmacodynamics in Alzheimer's disease},
  author={Stefanovski, Leon and Triebkorn, Paul and Spiegler, Andreas and Diaz-Cortes, Margarita-Arimatea and Solodkin, Ana and Jirsa, Viktor and McIntosh, Anthony Randal and Ritter, Petra and Alzheimer's Disease Neuroimaging Initiative},
  journal={Frontiers in computational neuroscience},
  volume={13},
  pages={54},
  year={2019},
  publisher={Frontiers Media SA}
}

@article{griffiths2020connectome,
  title={A connectome-based, corticothalamic model of state-and stimulation-dependent modulation of rhythmic neural activity and connectivity},
  author={Griffiths, John D and McIntosh, Anthony Randal and Lefebvre, Jeremie},
  journal={Frontiers in computational neuroscience},
  volume={14},
  pages={575143},
  year={2020},
  publisher={Frontiers Media SA}
}

@article{deco2013resting,
  title={Resting-state functional connectivity emerges from structurally and dynamically shaped slow linear fluctuations},
  author={Deco, Gustavo and Ponce-Alvarez, Adri{\'a}n and Mantini, Dante and Romani, Gian Luca and Hagmann, Patric and Corbetta, Maurizio},
  journal={Journal of Neuroscience},
  volume={33},
  number={27},
  pages={11239--11252},
  year={2013},
  publisher={Soc Neuroscience}
}

@article{pronold2023multi,
  title={Multi-Scale Spiking Network Model of Human Cerebral Cortex},
  author={Pronold, Jari and van Meegen, Alexander and Vollenbroeker, Hannah and Shimoura, Renan and Senden, Mario and Hilgetag, Claus and Bakker, Rembrandt and van Albada, Sacha},
  journal={bioRxiv},
  pages={2023--03},
  year={2023},
  publisher={Cold Spring Harbor Laboratory}
}

@article{robinson2004estimation,
  title={Estimation of multiscale neurophysiologic parameters by electroencephalographic means},
  author={Robinson, Peter A and Rennie, Christopher J and Rowe, Donald L and O'Connor, Susie C},
  journal={Human brain mapping},
  volume={23},
  number={1},
  pages={53--72},
  year={2004},
  publisher={Wiley Online Library}
}

@article{breakspear2006unifying,
  title={A unifying explanation of primary generalized seizures through nonlinear brain modeling and bifurcation analysis},
  author={Breakspear, Michael and Roberts, James A and Terry, John R and Rodrigues, Serafim and Mahant, Neil and Robinson, Peter A},
  journal={Cerebral Cortex},
  volume={16},
  number={9},
  pages={1296--1313},
  year={2006},
  publisher={Oxford University Press}
}

@article{eichler2008ei,
  title={EI balance and human diseases-from molecules to networking},
  author={Eichler, Sabrina A and Meier, Jochen C},
  journal={Frontiers in molecular neuroscience},
  volume={1},
  pages={195},
  year={2008},
  publisher={Frontiers}
}

@article{li2022excitation,
  title={Excitation-inhibition imbalance in Alzheimer’s disease using multiscale neural model inversion of resting-state fMRI},
  author={Li, Guoshi and Hsu, Li-Ming and Wu, Ye and Bozoki, Andrea C and Shih, Yen-Yu Ian and Yap, Pew-Thian},
  journal={medRxiv},
  pages={2022--10},
  year={2022},
  publisher={Cold Spring Harbor Laboratory Press}
}

@article{pinotsis2013conductance,
  title={On conductance-based neural field models},
  author={Pinotsis, Dimitris A and Leite, Marco and Friston, Karl J},
  journal={Frontiers in computational neuroscience},
  volume={7},
  pages={158},
  year={2013},
  publisher={Frontiers Media SA}
}